@article{DS13,
	author = {Benjamin Doerr, Reto Spöhel, Henning Thomas, and Carola Winzen},
	title = {Playing Mastermind with Many Colors},
	journal = {Proceedings of the Twenty-Fourth Annual ACM-SIAM Symposium on Discrete Algorithms},
	year = 2013,
	pages = {695--704}
}

@article{VC83,
	author = {Václav Chvátal},
	title = Mastermind,
	journal = Combinatorica,
	year = 1983,
	volume = 3,
	pages = {325--329}
	
}

@article{DK76,
  author  = {Donald Knuth}, 
  title   = {The Computer as Master Mind},
  journal = {Journal of Recreational Mathematics},
  year    = 1976,
  number  = 1,
  pages   = {2--7},
  month   = 2,
  volume  = 9
}

@article{KT86,
  author  = {Ker-I Ko and Shia-Chung Teng}, 
  title   = {On the Number of Queries Necessary to Identify a Permutation},
  journal = {Journal of Algorithms},
  year    = 1986,
  pages   = {449--462},
  month   = 7,
  volume  = 7
}

@article{OS13,
  author  = {Mourad El Ouali and Volkmar Sauerland}, 
  title   = {Improved Approximation Algorithm for the Number of Queries Necessary to Identify a Permutation},
  journal = {arXiv},
  year    = 2013,
  pages   = {1--415},
  month   = 3,
  volume  = 1
}

@article{article,
  author  = {Peter Adams}, 
  title   = {The title of the work},
  journal = {The name of the journal},
  year    = 1993,
  number  = 2,
  pages   = {201-213},
  month   = 7,
  note    = {An optional note}, 
  volume  = 4
}

@book{book,
  author    = {Peter Babington}, 
  title     = {The title of the work},
  publisher = {The name of the publisher},
  year      = 1993,
  volume    = 4,
  series    = 10,
  address   = {The address},
  edition   = 3,
  month     = 7,
  note      = {An optional note},
  isbn      = {3257227892}
}

@booklet{booklet,
  title        = {The title of the work},
  author       = {Peter Caxton}, 
  howpublished = {How it was published},
  address      = {The address of the publisher},
  month        = 7,
  year         = 1993,
  note         = {An optional note}
}

@conference{conference,
  author       = {Peter Draper}, 
  title        = {The title of the work},
  booktitle    = {The title of the book},
  year         = 1993,
  editor       = {The editor},
  volume       = 4,
  series       = 5,
  pages        = 213,
  address      = {The address of the publisher},
  month        = 7,
  organization = {The organization},
  publisher    = {The publisher},
  note         = {An optional note}  
}

@inbook{inbook,
  author       = {Peter Eston}, 
  title        = {The title of the work},
  chapter      = 8,
  pages        = {201-213},
  publisher    = {The name of the publisher},
  year         = 1993,
  volume       = 4,
  series       = 5,
  address      = {The address of the publisher},
  edition      = 3,
  month        = 7,
  note         = {An optional note}
}

@incollection{incollection,
  author       = {Peter Farindon}, 
  title        = {The title of the work},
  booktitle    = {The title of the book},
  publisher    = {The name of the publisher},
  year         = 1993,
  editor       = {The editor},
  volume       = 4,
  series       = 5,
  chapter      = 8,
  pages        = {201-213},
  address      = {The address of the publisher},
  edition      = 3,
  month        = 7,
  note         = {An optional note}
}