@article{DS13,
	author = {Doerr, Benjamin and Spohel, Reto and Thomas, Henning and Winzen, Carola},
	title = {Playing Mastermind with Many Colors},
	journal = {Proceedings of the Twenty-Fourth Annual ACM-SIAM Symposium on Discrete Algorithms},
	year = 2013,
	pages = {695--704}
}

@article{VC83,
	author = {Chv\'atal, V\'aclav},
	title = {Mastermind},
	journal = {Combinatorica},
	year = {1983},
	volume = 3,
	pages = {325--329}
}

@article{DK76,
  author  = {Knuth, Donald}, 
  title   = {The Computer as Master Mind},
  journal = {Journal of Recreational Mathematics},
  year    = 1976,
  number  = 1,
  pages   = {2--7},
  month   = 2,
  volume  = 9
}

@article{KT86,
  author  = {Ko, Ker-I and Teng, Shia-Chung}, 
  title   = {On the Number of Queries Necessary to Identify a Permutation},
  journal = {Journal of Algorithms},
  year    = 1986,
  pages   = {449--462},
  month   = 7,
  volume  = 7
}

@article{AC04,
	author = {Angluin, Dana and Chen, Jiang},
	title = {Learning a hidden graph using O(logn) queries per edge},
	journal = {Journal of Computer and System Sciences},
	year = 2004,
	pages = {546--556},
	volume = 74
}

@article{NB09,
	author = {Bshouty, Nader H.},
	title = {Optimal algorithms for the coin weighing problem with a spring scale},
	journal = {COLT},
	year = 2009,
	volume = 1
}

@article{GK00,
	author = {Grebinsky, V and Kucherov, G},
	title = {Optimal Reconstruction of Graphs under the Additive Model},
	journal = {Algorithmica},
	year = 2000,
	pages = {104--124},
	volume = 1
}

@article{ER63,
	author = {Erd\H{o}s, Paul and R\'enyi, A},
	title  = {On two problems of information theory},
	journal = {Magyar Tud. Akad. Mat. Kutat\'o Int. K\H{o}zl},
	year = 1963,
	pages = {229--243},
	volume = 8
}

@article{CC05,
	author = {Chen, Zixiang and Cunha, Carlos and Homer, Steven},
	title = {Finding a hidden code by asking questions},
	journal = {Lecture Notes in Computer Science},
	year = 2005,
	pages = {50--55},
	volume = 1
}

@article{HM09,
	author = {Hanna Mazzawi},
	title = {Optimally Reconstructing Weighted Graphs Using Queries},
	journal = {COLT},
	year = 2009,
	pages = {18--35},
	volume = 1
}

@article{MG12,
	author = {Goodrich, Michael T.},
	title = {On the algorithmic complexity of the Mastermind game with black-peg results},
	journal = {Information Processing Letters},
	year = 2009,
	pages = {675--678},
	volume = 109
}

@article{OS13,
  author    = {El Ouali, Mourad and
               Sauerland, Volkmar},
  title     = {Improved Approximation Algorithm for the Number of Queries Necessary to Identify a Permutation},
  journal   = {CoRR},
  volume    = {abs/1303.5862},
  year      = {2013},
  url       = {http://arxiv.org/abs/1303.5862},
}

@article{DG14,
   author = {Galvin, David},
   title = {Three tutorial lectures on entropy and counting},
   journal = {First Lake Michigan Workshop on Combinatorics and Graph Theory},
   year = 2014,
   month = 3
}

@article{MH03,
	author = {Hassani, Mehdi},
	title = {Derangements and Applications},
	journal = {Journal of Integer Sequences},
	year = 2003,
	month = 2,
	volume = 6
}
